%% This BibTeX bibliography file was created using BibDesk.
%% http://bibdesk.sourceforge.net/


%% Created for Vasco Guerra at 2018-05-15 14:57:22 +0100 


%% Saved with string encoding Unicode (UTF-8) 



@article{Zengino_lu_2011,
   title={Hyperboloidal layers for hyperbolic equations on unbounded domains},
   volume={230},
   ISSN={0021-9991},
   url={http://dx.doi.org/10.1016/j.jcp.2010.12.016},
   DOI={10.1016/j.jcp.2010.12.016},
   number={6},
   journal={Journal of Computational Physics},
   publisher={Elsevier BV},
   author={Zenginoğlu, Anıl},
   year={2011},
   month=mar, pages={2286–2302} }

@phdthesis{Pretorius_2002,
  title        = {Numerical Simulations of Gravitational Collapse},
  author       = {Franz Pretorius},
  year         = 2002,
  month        = aug,
  address      = {Vancouver, Canada},
  note         = {Available at \url{http://laplace.physics.ubc.ca/Members/matt/Doc/Theses/Phd/pretorius.pdf}},
  school       = {University of British Columbia},
  type         = {PhD thesis} }

@article{Gautam_2021,
   title={Summation by parts and truncation error matching on hyperboloidal slices},
   volume={103},
   ISSN={2470-0029},
   url={http://dx.doi.org/10.1103/PhysRevD.103.084045},
   DOI={10.1103/physrevd.103.084045},
   number={8},
   journal={Physical Review D},
   publisher={American Physical Society (APS)},
   author={Gautam, Shalabh and Vañó-Viñuales, Alex and Hilditch, David and Bose, Sukanta},
   year={2021},
   month=apr }

@article{Valiente_Kroon_2024,
   title={The d’Alembert solution in hyperboloidal foliations},
   volume={56},
   ISSN={1572-9532},
   url={http://dx.doi.org/10.1007/s10714-024-03272-2},
   DOI={10.1007/s10714-024-03272-2},
   number={7},
   journal={General Relativity and Gravitation},
   publisher={Springer Science and Business Media LLC},
   author={Valiente Kroon, Juan A. and Gomes Da Silva, Lidia J.},
   year={2024},
   month=jul }

@misc{hilditch2016evolutionhyperboloidaldatadual,
      title={The evolution of hyperboloidal data with the dual foliation formalism: Mathematical analysis and wave equation tests}, 
      author={David Hilditch and Enno Harms and Marcus Bugner and Hannes Rueter and Bernd Bruegmann},
      year={2016},
      eprint={1609.08949},
      archivePrefix={arXiv},
      primaryClass={gr-qc},
      url={https://arxiv.org/abs/1609.08949}, 
}

@phdthesis{Ficalho_2023,
  title        = {Numerical Evolutions of Spacetime},
  author       = {Filipe Ficalho},
  year         = 2023,
  month        = jun,
  address      = {Lisbon, Portugal},
  note         = {Available at \url{https://ulisboa-my.sharepoint.com/:b:/g/personal/ist199933_tecnico_ulisboa_pt/EWrk5DmaLeRLmczdoGGSitYB46y_dfQVd4tsFxDF29MwmA?e=1r0FVY}},
  school       = {Instituto Superior Técnico},
  type         = {1st Cycle Integrated Project in Engineering Physics}
}

@phdthesis{Evans_1984,
  title        = {Simulation of Axisymmetric Gravitational Collapse},
  author       = {Charles Ross Evans},
  year         = 1984,
  month        = aug,
  address      = {Austin, USA},
  note         = {Available at \url{https://users.physics.unc.edu/~evans/cr_evans_thesis_1984.pdf}},
  school       = {University of Texas},
  type         = {PhD thesis}
}