@book{book,
      author        = "Alcubierre, Miguel",
      title         = "{Introduction to 3+1 numerical relativity}",
      publisher     = "Oxford Univ. Press",
      address       = "Oxford",
      series        = "International series of monographs on physics",
      year          = "2008",
      url           = "https://cds.cern.ch/record/1138167",
      doi           = "10.1093/acprof:oso/9780199205677.001.0001",
}

@Book{numerical_recipes,
  Title                    = {Numerical Recipes in C},
  Author                   = {William H. Press and Saul A. Teukolsky and William T. Vetterling and Brian P. Flannery},
  Publisher                = {Cambridge University Press},
  Year                     = {1992},

  Address                  = {Cambridge, USA},
  Edition                  = {Second}
}

@book{numerical_relativity, 
    place={Cambridge}, 
    title={Numerical Relativity: Starting from Scratch}, 
    DOI={10.1017/9781108933445}, 
    publisher={Cambridge University Press}, 
    author={Baumgarte, Thomas W. and Shapiro, Stuart L.}, 
    year={2021}}

@article{article,
    Author = {M. C. Babiuc and S. Husa and D. Alic and I. Hinder and C. Lechner and E. Schnetter and B. Szilagyi and Y. Zlochower and N. Dorband and D. Pollney and J. Winicour},
    Title = {Implementation of standard testbeds for numerical relativity},
    Year = {2007},
    Eprint = {arXiv:0709.3559},
    Howpublished = {Class.Quant.Grav.25:125012,2008},
    Doi = {10.1088/0264-9381/25/12/125012},
}

@misc{Matplotlib,
    title = {Matplotlib},
    howpublished = {\url{https://matplotlib.org/}}
}